@article{helbing1991mathematical,
    title={A mathematical model for the behavior of pedestrians},
    author={Helbing, Dirk},
    journal={Behavioral science},
    volume={36},
    number={4},
    pages={298--310},
    year={1991},
    publisher={Wiley Online Library}
}
@article{helbing1995social,
	title={Social force model for pedestrian dynamics},
	author={Helbing, Dirk and Molnar, Peter},
	journal={Physical review E},
	volume={51},
	number={5},
	pages={4282},
	year={1995},
	publisher={APS}
}
@article{helbing1998generalized,
	title={Generalized force model of traffic dynamics},
	author={Helbing, Dirk and Tilch, Benno},
	journal={Physical Review E},
	volume={58},
	number={1},
	pages={133},
	year={1998},
	publisher={APS}
}
@article{helbing2005self,
	title={Self-organized pedestrian crowd dynamics: Experiments, simulations, and design solutions},
	author={Helbing, Dirk and Buzna, Lubos and Johansson, Anders and Werner, Torsten},
	journal={Transportation science},
	volume={39},
	number={1},
	pages={1--24},
	year={2005},
	publisher={INFORMS}
}
@article{national2013traffic,
    title={Traffic safety facts 2011 data--pedestrians.},
    author={National Highway Traffic Safety Administration and others},
    journal={Annals of emergency medicine},
    volume={62},
    number={6},
    pages={612},
    year={2013}
}
@inproceedings{bauer2007macroscopic,
    title={Macroscopic pedestrian flow simulation for designing crowd control measures in public transport after special events},
    author={Bauer, Dietmar and Seer, Stefan and Br{\"a}ndle, Norbert},
    booktitle={Proceedings of the 2007 summer computer simulation conference},
    pages={1035--1042},
    year={2007},
    organization={Society for Computer Simulation International}
}
@article{helbing1998fluid,
    title={A fluid dynamic model for the movement of pedestrians},
    author={Helbing, Dirk},
    journal={arXiv preprint cond-mat/9805213},
    year={1998}
}
@article{zanlungo2011social,
    title={Social force model with explicit collision prediction},
    author={Zanlungo, F and Ikeda, T and Kanda, T},
    journal={EPL (Europhysics Letters)},
    volume={93},
    number={6},
    pages={68005},
    year={2011},
    publisher={IOP Publishing}
}
@article{kretz2015inflection,
    title={The Inflection Point of the Speed-Density Relation and the Social Force Model},
    author={Kretz, Tobias and Lohmiller, Jochen and Schlaich, Johannes},
    journal={arXiv preprint arXiv:1507.04935},
    year={2015}
}
@article{johansson2007specification,
    title={Specification of the social force pedestrian model by evolutionary adjustment to video tracking data},
    author={Johansson, Anders and Helbing, Dirk and Shukla, Pradyumn K},
    journal={Advances in complex systems},
    volume={10},
    number={supp02},
    pages={271--288},
    year={2007},
    publisher={World Scientific}
}

